%%%%%%%%%%%%%%%%%%%%%%%%%%%%%%%%%%%%%%%%%%%%%%%%%%%%%%%%%%%%%%%%%%%%%%%%%%%%%%%%
%%
%% Список литературы
%%
%%%%%%%%%%%%%%%%%%%%%%%%%%%%%%%%%%%%%%%%%%%%%%%%%%%%%%%%%%%%%%%%%%%%%%%%%%%%%%%%
@ARTICLE{safe-initialization-for-scala,
    author = {Liu, Fengyun and Lhot\'{a}k, Ond\v{r}ej and Biboudis, Aggelos and Giarrusso, Paolo G. and Odersky, Martin},
    title = {A Type-and-Effect System for Object Initialization},
    year = {2020},
    issue_date = {November 2020},
    publisher = {Association for Computing Machinery},
    address = {New York, NY, USA},
    volume = {4},
    number = {OOPSLA},
    url = {https://doi.org/10.1145/3428243},
    doi = {10.1145/3428243},
    journal = {Proc. ACM Program. Lang.},
    month = {nov},
    articleno = {175},
    numpages = {28},
    keywords = {Object initialization, Type-and-effect syste},
}

@online{joe-duffy,
    title = {On partially-constructed objects},
    author = {Duffy, Joe},
    url = {http://joeduffyblog.com/2010/06/27/on-partiallyconstructed-objects/},
    urldate = {18.05.2022},
    language = {russian},
}

@InProceedings{fragile-base-class-problem,
    author = "Mikhajlov, Leonid and Sekerinski, Emil",
    editor = "Jul, Eric",
    title = "A study of the fragile base class problem",
    booktitle = "ECOOP'98 --- Object-Oriented Programming",
    year = "1998",
    publisher = "Springer Berlin Heidelberg",
    address = "Berlin, Heidelberg",
    pages = "355--382",
    isbn = "978-3-540-69064-1"
}

@online{the-billion-dollar-mistake,
    title = {Null References: The Billion Dollar Mistake.},
    author = {Hoare, Tony},
    url = {https://www.infoq.com/presentations/Null-References-The-Billion-Dollar-Mistake-Tony-Hoare/},
    urldate = {20.05.2022},
    language = {russian}
}

@article{masked-types,
    author = {Qi, Xin and Myers, Andrew C.},
    title = {Masked Types for Sound Object Initialization},
    year = {2009},
    issue_date = {January 2009},
    publisher = {Association for Computing Machinery},
    address = {New York, NY, USA},
    volume = {44},
    number = {1},
    issn = {0362-1340},
    url = {https://doi.org/10.1145/1594834.1480890},
    doi = {10.1145/1594834.1480890},
    journal = {SIGPLAN Not.},
    month = {jan},
    pages = {53–65},
    numpages = {13},
    keywords = {cyclic data structures, data abstraction, invariants, null pointer exceptions, conditional masks}
}

@article{the-freedom-model,
    author = {Summers, Alexander J. and Mueller, Peter},
    title = {Freedom before Commitment: A Lightweight Type System for Object Initialisation},
    year = {2011},
    issue_date = {October 2011},
    publisher = {Association for Computing Machinery},
    address = {New York, NY, USA},
    volume = {46},
    number = {10},
    issn = {0362-1340},
    url = {https://doi.org/10.1145/2076021.2048142},
    doi = {10.1145/2076021.2048142},
    journal = {SIGPLAN Not.},
    month = {oct},
    pages = {1013–1032},
    numpages = {20},
    keywords = {modular, expressive, non-null, initialisation, simple, type-system, sound}
}

@ARTICLE{russian,
    author = {Василий Пупкин and Василиса Пупкина and Пупкинский, В.П.},
    title = {Русская статья},
    journal = {Научно-технические ведомости НИИ ЧАВО},
    year = 2000,
    number = 16,
    pages = {32--64},
    language = {russian},
}


@book{java-book,
    title = {Программирование на Java},
    author = {Нимейер, П. and Леук, Д.},
    isbn = {9785457661004},
    url = {https://books.google.ru/books?id=zVpUBQAAQBAJ},
    year = {2014},
    publisher = {Эксмо},
    language = {russian},
}

@online{ANTLR,
    title = {ANTLR},
    organization = {Веб-сайт проекта ANTLR},
    url = {http://www.antlr.org/},
    urldate = {18.06.2015},
    language = {russian},
}

%%%%%%%%%%%%%%%%%%%%%%%%%%%%%%%%%%%%%%%%%%%%%%%%%%%%%%%%%%%%%%%%%%%%%%%%%%%%%%%%
